@manual{aufgabe,
  author            = {IHK Schwarzwald Baar},
  date              = {2024-06-10},
  title             = {Abschlusspr√ºfung Sommer 2024},
  subtitle          = {Mathematisch-technischer Softwareentwickler, Entwicklung eines Softwareprojekts},
}